@book{EcmaScript,
  added-at = {2012-10-14T23:50:22.000+0200},
  author = {{ECMA International}},
  biburl = {https://www.bibsonomy.org/bibtex/2a9b23a5e720836b2505b7aac7fdc4638/gron},
  edition = {5.1},
  interhash = {b179dfe8f7ed6ef5ad2a2c4705d88de6},
  intrahash = {a9b23a5e720836b2505b7aac7fdc4638},
  keywords = {ECMA JavaScript Specification Standard},
  month = {June},
  timestamp = {2012-10-14T23:50:23.000+0200},
  title = {Common Language Infrastructure (CLI)},
  url = {http://www.ecma-international.org/publications/standards/Ecma-262.htm},
  year = 2011
}