@article{article,
author = {Reynolds, John},
year = {2003},
month = {01},
pages = {},
title = {Bootstrapping a self-compiling compiler from machine X to machine Y},
journal = {Journal of Computing Sciences in Colleges - JCSC}
}