@book{nielson2004principles,
  title={Principles of Program Analysis},
  author={Nielson, F. and Nielson, H.R. and Hankin, C.},
  isbn={9783540654100},
  lccn={99047677},
  url={https://books.google.pl/books?id=RLjt0xSj8DcC},
  year={2004},
  publisher={Springer Berlin Heidelberg}
}
@article{survey_of_metaprograming,
author = {Lilis, Yannis and Savidis, Anthony},
year = {2019},
month = {10},
pages = {1-39},
title = {A Survey of Metaprogramming Languages},
volume = {52},
journal = {ACM Computing Surveys},
doi = {10.1145/3354584}
}
@online{stroustrup_com,
    author = "Bjarne Stroustrup",
    url= "stroustrup.com/bs_faq.html",
    urldate = {2020-10-28},
}
@article{template_turing_complete,
author = {Veldhuizen, Todd},
year = {2003},
month = {07},
pages = {},
title = {C++ Templates are Turing Complete}
}
@unpublished{gcc_warnings,
    author = "Free Software Foundation",
    note   = "Dostęp zdalny (24.10.2020): \url{https://gcc.gnu.org/onlinedocs/gcc/Warning-Options.html}",
}
@book{ISO:2012:III,
  added-at = {2012-10-08T01:13:47.000+0200},
  address = {Geneva, Switzerland},
  author = {{ISO}},
  bibdate = {Mon Dec 19 11:12:12 2011},
  bibsource = {http://www.math.utah.edu/pub/tex/bib/isostd.bib},
  biburl = {https://www.bibsonomy.org/bibtex/24b660c16d9a5ab0ad595b1555402c797/gron},
  day = 28,
  interhash = {ff5df6d7fa67f89d7d5ea964dab3e3c9},
  intrahash = {4b660c16d9a5ab0ad595b1555402c797},
  keywords = {C++ Specification Standard},
  month = feb,
  pages = {1338 (est.)},
  publisher = {International Organization for Standardization},
  remark = {Revises ISO/IEC 14882:2003.},
  timestamp = {2012-10-08T01:13:47.000+0200},
  title = {{ISO/IEC 14882:2011 Information technology --- Programming languages --- C++}},
  url = {http://www.iso.org/iso/iso_catalogue/catalogue_tc/catalogue_detail.htm?csnumber=50372},
  year = 2012
}



% Fragment książki (np. zakres stron).
@inbook{wang97,
    author      = "Hao Wang",
    title       = "A Logical Journey: From G{\"o}del to Philosophy.",
    publisher   = "A Bradford Book",
    pages       = "316",
    year        = "1997"
}

% Fragment książki (np. esej), posiadający własny tytuł.
@incollection{goedel95,
    author      = "Kurt G{\"o}del",
    title       = "Texts relating to the ontological proof",
    booktitle   = "Unpublished Essays and Lectures",
    publisher   = "Oxford University Press",
    pages       = "429--437",
    year        = "1995",
}

% Publikacja konferencyjna.
@inproceedings{benzmuller2014,
    author       = "{Ch}. Benzmuller and B. W. Paleo",
    title        = "Automating {G\"o}del’s {O}ntological {P}roof of {G}od’s {E}xistence with {H}igher-order {A}utomated {T}heorem {P}rovers",
    booktitle    = "European	Conference on Artificial Intelligence",
    publisher    = "IOS Press",
    howpublished = "Dostęp zdalny (10.04.2019): \url{http://page.mi.fu-berlin.de/cbenzmueller/papers/C40.pdf}",
    year         = "2014",
}

% Raport techniczny.
@techreport{duqu2011,
    author      = "Bencsáth, B. and Pék, G. and Buttyán, L. and Félegyházi M.",
    title       = "{D}uqu: {A} {S}tuxnet-like malware found in the wild",
    institution = "Laboratory of Cryptography and System Security, Hungary",
    year        = "2011"
}

% Specyfikacja techniczna.
@manual{shs2015,
    title        = "{FIPS} 180-4: {S}ecure {H}ash {S}tandard ({SHS})",
    howpublished = "Dostęp zdalny (13.03.2019): \url{https://nvlpubs.nist.gov/nistpubs/FIPS/NIST.FIPS.180-4.pdf}",
    year         = "2015"
}

% Praca magisterska.
@mastersthesis{wozniak2018,
    author = "Woźniak, Piotr",
    title  = "{P}rogramowanie kwadratowe w usuwaniu efektu rozmycia ruchu w fotografii cyfrowej",
    school  = "Wydział Elektroniki i Technik Informacyjnych, Politechnika Warszawska",
    year   = "2018",
}

% Nieopublikowany artykuł, dostępny np. tylko w internecie.
@unpublished{koons2005,
    author = "Koons, Robert C.",
    title  = "{S}obel on {G\"o}del’s {O}ntological {P}roof",
    note   = "Dostęp zdalny (25.04.2019): \url{http://www.robkoons.net/media/69b0dd04a9d2fc6dffff80b4ffffd524.pdf}",
    year   = "2005"
}

% Źródło innego typu, np. repozytorium na GitHubie.
@misc{dcp19,
    author       = "Brodzki, Artur M.",
    title        = "{I}mplementation of own steganography protocol {DCP}-19, loosely based on {HICCUPS}",
    howpublished = "Dostęp zdalny (14.03.2019): \url{https://github.com/ArturB/DCP-19}",
    year         = "2019"
}
